<collection xmlns="http://www.loc.gov/MARC21/slim">
<record>
  <leader>01476nam0a2200277 i 450 </leader>
  <controlfield tag="001">IT\ICCU\CNCE\019463</controlfield>
  <controlfield tag="005">20071114000000.0</controlfield>
  <datafield tag="012" ind1=" " ind2=" ">
    <subfield code="a">usy- exua usau &amp;qve (C) 1580 (R)</subfield>
    <subfield code="2">fei</subfield>
  </datafield>
  <datafield tag="100" ind1=" " ind2=" ">
    <subfield code="a">19970101d1580        0itac0103    ba</subfield>
  </datafield>
  <datafield tag="101" ind1=" " ind2=" ">
    <subfield code="a">LAT</subfield>
  </datafield>
  <datafield tag="102" ind1=" " ind2=" ">
    <subfield code="a">IT</subfield>
  </datafield>
  <datafield tag="200" ind1="1" ind2=" ">
    <subfield code="a">℗Angeli Fonticulani ℗De bello Bracciano Aquilae gesto fidelis, et breuis enarratio. Ex libro primo communium opinionum Francisci Viuij i.c. Aquilani desumpta, &amp; nunc primum in lucem edita</subfield>
  </datafield>
  <datafield tag="210" ind1=" " ind2=" ">
    <subfield code="a">Aquilae</subfield>
    <subfield code="c">apud Iosephum Cacchium Aquilanum</subfield>
    <subfield code="d">1580</subfield>
    <subfield code="e">Aquilae</subfield>
    <subfield code="g">apud Iosephum Cacchium Aquilanum</subfield>
    <subfield code="h">1580</subfield>
  </datafield>
  <datafield tag="215" ind1=" " ind2=" ">
    <subfield code="a">\12! c.</subfield>
    <subfield code="d">fol</subfield>
  </datafield>
  <datafield tag="620" ind1=" " ind2=" ">
    <subfield code="a">IT</subfield>
    <subfield code="d">L&apos;Aquila</subfield>
  </datafield>
  <datafield tag="700" ind1=" " ind2="1">
    <subfield code="a">Fonticolano,</subfield>
    <subfield code="b">Angelo</subfield>
    <subfield code="3">IT\ICCU\CNCA\005489</subfield>
  </datafield>
  <datafield tag="712" ind1="0" ind2="0">
    <subfield code="a">Cacchi, Giuseppe</subfield>
    <subfield code="3">IT\ICCU\CNCT\000064</subfield>
    <subfield code="4">650</subfield>
  </datafield>
  <datafield tag="790" ind1=" " ind2="1">
    <subfield code="a">Fonticulanus,</subfield>
    <subfield code="b">Angelus</subfield>
    <subfield code="3">IT\ICCU\CNCA\007593</subfield>
    <subfield code="z">Fonticolano, Angelo</subfield>
  </datafield>
  <datafield tag="790" ind1=" " ind2="1">
    <subfield code="a">Pico Fonticulano,</subfield>
    <subfield code="b">Angelo</subfield>
    <subfield code="3">IT\ICCU\CNCA\014831</subfield>
    <subfield code="z">Fonticolano, Angelo</subfield>
  </datafield>
  <datafield tag="791" ind1="0" ind2="0">
    <subfield code="a">Cacchius, Iosephus</subfield>
    <subfield code="3">IT\ICCU\CNCT\004389</subfield>
    <subfield code="z">Cacchi, Giuseppe</subfield>
  </datafield>
  <datafield tag="791" ind1="0" ind2="0">
    <subfield code="a">Cacchio, Giuseppe</subfield>
    <subfield code="3">IT\ICCU\CNCT\004390</subfield>
    <subfield code="z">Cacchi, Giuseppe</subfield>
  </datafield>
  <datafield tag="801" ind1=" " ind2="3">
    <subfield code="a">IT</subfield>
    <subfield code="b">ICCU</subfield>
    <subfield code="c">20201114</subfield>
  </datafield>
  <datafield tag="899" ind1=" " ind2=" ">
    <subfield code="a">Biblioteca universitaria. Padova</subfield>
    <subfield code="1">PD0158</subfield>
    <subfield code="2">PUV 00</subfield>
  </datafield>
  <datafield tag="899" ind1=" " ind2=" ">
    <subfield code="a">Biblioteca Casanatense. Roma</subfield>
    <subfield code="1">RM0313</subfield>
    <subfield code="2">RML 07</subfield>
  </datafield>
  <datafield tag="911" ind1=" " ind2=" ">
    <subfield code="a">Sul front.</subfield>
    <subfield code="9">IT\ICCU\CNCM\000573</subfield>
  </datafield>
  <datafield tag="921" ind1=" " ind2=" ">
    <subfield code="a">IT\ICCU\CNCM\000573</subfield>
    <subfield code="b">Aquila si leva in volo su un rogo. In basso una volpe. In cornice figurata</subfield>
    <subfield code="e">Tu non extingues dum ipsa accendo.</subfield>
    <subfield code="c">V122</subfield>
    <subfield code="c">Z150</subfield>
    <subfield code="d">Dimensioni: 11,8 x 9,1</subfield>
    <subfield code="f">AQUILA</subfield>
    <subfield code="f">ROGO</subfield>
    <subfield code="f">TUNONEXTIN</subfield>
    <subfield code="f">VOLPE</subfield>
    <subfield code="g">1576-1591</subfield>
  </datafield>
</record>
</collection>
